<record><leader>00000cas a22000007a 4500</leader><controlfield tag="001">11716423</controlfield><controlfield tag="008">850221d18781882ncuwr ne      0    0eng  </controlfield><controlfield tag="009">466</controlfield><datafield ind1=" " ind2=" " tag="010"><subfield code="a">sn 85042055 </subfield></datafield><datafield ind1=" " ind2=" " tag="040"><subfield code="a">DLC</subfield><subfield code="b">eng</subfield><subfield code="c">DLC</subfield><subfield code="d">NVJ</subfield><subfield code="d">DLC</subfield><subfield code="d">NVJ</subfield><subfield code="d">OCLCQ</subfield></datafield><datafield ind1="1" ind2=" " tag="029"><subfield code="a">AU@</subfield><subfield code="b">000026224057</subfield></datafield><datafield ind1=" " ind2=" " tag="042"><subfield code="a">msc</subfield></datafield><datafield ind1="0" ind2="0" tag="050"><subfield code="a">Newspaper</subfield></datafield><datafield ind1="0" ind2="0" tag="245"><subfield code="a">Kinston journal.</subfield></datafield><datafield ind1=" " ind2=" " tag="260"><subfield code="a">Kinston, N.C. :</subfield><subfield code="b">J.W. Harper</subfield></datafield><datafield ind1=" " ind2=" " tag="300"><subfield code="a">v. ;</subfield><subfield code="c">60 cm.</subfield></datafield><datafield ind1=" " ind2=" " tag="310"><subfield code="a">Weekly</subfield></datafield><datafield ind1="0" ind2=" " tag="362"><subfield code="a">Vol. 1, no. 1 (Dec. 20, 1878)-v. 4, no. 15 (Mar. 23, 1882).</subfield></datafield><datafield ind1=" " ind2=" " tag="500"><subfield code="a">Independent.</subfield></datafield><datafield ind1=" " ind2=" " tag="752"><subfield code="a">United States</subfield><subfield code="b">North Carolina</subfield><subfield code="c">Lenoir</subfield><subfield code="d">Kinston.</subfield></datafield><datafield ind1="0" ind2="7" tag="785"><subfield code="t">Daily commercial news (New Bern, N.C.)</subfield><subfield code="w">(DLC)sn 92072911</subfield></datafield><datafield ind1="0" ind2="7" tag="785"><subfield code="t">New Berne journal</subfield><subfield code="w">(DLC)sn 93064753</subfield></datafield></record>